<?xml version="1.0" encoding="UTF-8"?><collection xmlns="http://www.loc.gov/MARC21/slim"><record><leader>00379nam--2200145-i-4500</leader><controlfield tag="001">000013358</controlfield><controlfield tag="002">20161230</controlfield><controlfield tag="005">20170210022501</controlfield><controlfield tag="008">060222s1000------------r-----000-0-eng-d</controlfield><datafield ind1=" " ind2=" " tag="100"><subfield code="a">Diaz Y Diaz, Francisco</subfield></datafield><datafield ind1=" " ind2=" " tag="245"><subfield code="a">Sur le 3-rang des corps quadratiques</subfield><subfield code="b">these</subfield></datafield><datafield ind1=" " ind2=" " tag="260"><subfield code="a">Paris</subfield><subfield code="b">Universite</subfield><subfield code="c">1978</subfield></datafield><datafield ind1=" " ind2=" " tag="300"><subfield code="a">69 p.+dif</subfield></datafield><datafield ind1=" " ind2=" " tag="852"><subfield code="a">48540</subfield><subfield code="c">512</subfield></datafield><datafield ind1=" " ind2=" " tag="CAT"><subfield code="a">SYS</subfield><subfield code="c">20170210</subfield><subfield code="h">022501</subfield></datafield></record></collection>